% bmc_article.bib
% 
%  An example of bibtex entries.
%  Entries taken from BMC instructions for authors page.

% uncomment next line to make author-year bibliography
% @settings{label, options="nameyear"}

@ARTICLE{1984ApJ...284L...9K,
   author = {{Kaiser}, N.},
    title = "{On the spatial correlations of Abell clusters}",
  journal = {apjl},
 keywords = {Correlation, Cosmology, Galactic Clusters, Spatial Distribution, Astronomical Models, Density Distribution, Normal Density Functions},
     year = 1984,
    month = sep,
   volume = 284,
    pages = {L9-L12},
      doi = {10.1086/184341},
   adsurl = {http://adsabs.harvard.edu/abs/1984ApJ...284L...9K},
  adsnote = {Provided by the SAO/NASA Astrophysics Data System}
}
%%%%%%%%%%%%%%%%%%%%%%%%%%%

@BOOK{1980lssu.book.....P,
   author = {{Peebles}, P.~J.~E.},
    title = "{The large-scale structure of the universe}",
 keywords = {Cosmology, Galactic Clusters, Galactic Evolution, Universe, Astronomical Models, Correlation, Mass Distribution, Particle Motion, Relativistic Theory, Statistical Distributions},
booktitle = {Research supported by the National Science Foundation.~Princeton, N.J., Princeton University Press, 1980.~435 p.},
     year = 1980,
   adsurl = {http://adsabs.harvard.edu/abs/1980lssu.book.....P},
  adsnote = {Provided by the SAO/NASA Astrophysics Data System}
}

%%%%%%%%%%%%%%%%%%%%%%%%%%%


@ARTICLE{1993A&A...280....5M,
   author = {{Martinez}, V.~J. and {Portilla}, M. and {Jones}, B.~J.~T. and 
	{Paredes}, S.},
    title = "{The galaxy clustering correlation length}",
  journal = {aap},
 keywords = {Astronomical Models, Correlation, Cosmology, Estimating, Galactic Clusters, Length, Mathematical Models, Statistical Tests, Universe, Astronomical Catalogs, Data Processing, Data Sampling, Red Shift, Stellar Luminosity, Stellar Magnitude},
     year = 1993,
    month = dec,
   volume = 280,
    pages = {5-19},
   adsurl = {http://adsabs.harvard.edu/abs/1993A%26A...280....5M},
  adsnote = {Provided by the SAO/NASA Astrophysics Data System}
}




%%%%%%%%%%%%%%%%%%%%%%%%%%%

@ARTICLE{1983ApJ...267..465D,
   author = {{Davis}, M. and {Peebles}, P.~J.~E.},
    title = "{A survey of galaxy redshifts. V - The two-point position and velocity correlations}",
  journal = {apj},
 keywords = {Cosmology, Galactic Clusters, Galaxies, Red Shift, Correlation, Line Of Sight, Mass Distribution, Position (Location), Velocity Distribution},
     year = 1983,
    month = apr,
   volume = 267,
    pages = {465-482},
      doi = {10.1086/160884},
   adsurl = {http://adsabs.harvard.edu/abs/1983ApJ...267..465D},
  adsnote = {Provided by the SAO/NASA Astrophysics Data System}
}

%%%%%%%%%%%%%%%%%%%%%%%%%%%

@ARTICLE{1987PhyA..144..257P,
   author = {{Pietronero}, L.},
    title = "{The fractal structure of the universe: Correlations of galaxies and clusters and the average mass density}",
  journal = {Physica A Statistical Mechanics and its Applications},
     year = 1987,
    month = aug,
   volume = 144,
    pages = {257-284},
      doi = {10.1016/0378-4371(87)90191-9},
   adsurl = {http://adsabs.harvard.edu/abs/1987PhyA..144..257P},
  adsnote = {Provided by the SAO/NASA Astrophysics Data System}
}


%%%%%%%%%%%%%%%%%%%%%%%%%%%
@ARTICLE{2005MNRAS.357..608Y,
   author = {{Yang}, X. and {Mo}, H.~J. and {van den Bosch}, F.~C. and {Jing}, Y.~P.
	},
    title = "{The two-point correlation of galaxy groups: probing the clustering of dark matter haloes}",
  journal = {mnras},
   eprint = {astro-ph/0406593},
 keywords = {methods: statistical, galaxies: haloes, dark matter, large-scale structure of Universe},
     year = 2005,
    month = feb,
   volume = 357,
    pages = {608-618},
      doi = {10.1111/j.1365-2966.2005.08667.x},
   adsurl = {http://adsabs.harvard.edu/abs/2005MNRAS.357..608Y},
  adsnote = {Provided by the SAO/NASA Astrophysics Data System}
}





%%%%%%%%%%%%%%%%%%%%%%%%%%%

@ARTICLE{2000MNRAS.318..203S,
   author = {{Seljak}, U.},
    title = "{Analytic model for galaxy and dark matter clustering}",
  journal = {mnras},
   eprint = {astro-ph/0001493},
 keywords = {GALAXIES: CLUSTERS: GENERAL, COSMOLOGY: THEORY, DARK MATTER},
     year = 2000,
    month = oct,
   volume = 318,
    pages = {203-213},
      doi = {10.1046/j.1365-8711.2000.03715.x},
   adsurl = {http://adsabs.harvard.edu/abs/2000MNRAS.318..203S},
  adsnote = {Provided by the SAO/NASA Astrophysics Data System}
}



%%%%%%%%%%%%%%%%%%%%%%%%%%%
@ARTICLE{2007ApJ...667..760Z,
   author = {{Zheng}, Z. and {Coil}, A.~L. and {Zehavi}, I.},
    title = "{Galaxy Evolution from Halo Occupation Distribution Modeling of DEEP2 and SDSS Galaxy Clustering}",
  journal = {apj},
   eprint = {astro-ph/0703457},
 keywords = {Cosmology: Observations, Galaxies: Distances and Redshifts, Galaxies: Evolution, Galaxies: Halos, Galaxies: Statistics, Cosmology: Large-Scale Structure of Universe},
     year = 2007,
    month = oct,
   volume = 667,
    pages = {760-779},
      doi = {10.1086/521074},
   adsurl = {http://adsabs.harvard.edu/abs/2007ApJ...667..760Z},
  adsnote = {Provided by the SAO/NASA Astrophysics Data System}
}




%%%%%%%%%%%%%%%%%%%%%%%%%%%

@ARTICLE{2007ApJ...667..760Z,
   author = {{Zheng}, Z. and {Coil}, A.~L. and {Zehavi}, I.},
    title = "{Galaxy Evolution from Halo Occupation Distribution Modeling of DEEP2 and SDSS Galaxy Clustering}",
  journal = {apj},
   eprint = {astro-ph/0703457},
 keywords = {Cosmology: Observations, Galaxies: Distances and Redshifts, Galaxies: Evolution, Galaxies: Halos, Galaxies: Statistics, Cosmology: Large-Scale Structure of Universe},
     year = 2007,
    month = oct,
   volume = 667,
    pages = {760-779},
      doi = {10.1086/521074},
   adsurl = {http://adsabs.harvard.edu/abs/2007ApJ...667..760Z},
  adsnote = {Provided by the SAO/NASA Astrophysics Data System}
}


%%%%%%%%%%%%%%%%%%%%%%%%%%%
@ARTICLE{2016arXiv161001991V,
   author = {{Vakili}, M. and {Hahn}, C.~H.},
    title = "{How are galaxies assigned to halos? Searching for assembly bias in the SDSS galaxy clustering}",
  journal = {ArXiv e-prints},
archivePrefix = "arXiv",
   eprint = {1610.01991},
 keywords = {Astrophysics - Cosmology and Nongalactic Astrophysics},
     year = 2016,
    month = oct,
   adsurl = {http://adsabs.harvard.edu/abs/2016arXiv161001991V},
  adsnote = {Provided by the SAO/NASA Astrophysics Data System}
}


%%%%%%%%%%%%%%%%%%%%%%%%%%%
@ARTICLE{2018ApJ...853...84Z,
   author = {{Zehavi}, I. and {Contreras}, S. and {Padilla}, N. and {Smith}, N.~J. and 
	{Baugh}, C.~M. and {Norberg}, P.},
    title = "{The Impact of Assembly Bias on the Galaxy Content of Dark Matter Halos}",
  journal = {apj},
archivePrefix = "arXiv",
   eprint = {1706.07871},
 keywords = {cosmology: theory, galaxies: evolution, galaxies: formation, galaxies: halos, galaxies: statistics },
     year = 2018,
    month = jan,
   volume = 853,
      eid = {84},
    pages = {84},
      doi = {10.3847/1538-4357/aaa54a},
   adsurl = {http://adsabs.harvard.edu/abs/2018ApJ...853...84Z},
  adsnote = {Provided by the SAO/NASA Astrophysics Data System}
}

%%%%%%%%%%%%%%%%%%%%%%%%%%%
@ARTICLE{2017ApJ...848...60Y,
   author = {{Yang}, X. and {Zhang}, Y. and {Lu}, T. and {Wang}, H. and {Shi}, F. and 
	{Tweed}, D. and {Li}, S. and {Luo}, W. and {Lu}, Y. and {Yang}, L.
	},
    title = "{Revealing the Cosmic Web-dependent Halo Bias}",
  journal = {apj},
archivePrefix = "arXiv",
   eprint = {1704.02451},
 keywords = {dark matter, galaxies: halos, large-scale structure of universe},
     year = 2017,
    month = oct,
   volume = 848,
      eid = {60},
    pages = {60},
      doi = {10.3847/1538-4357/aa8c7a},
   adsurl = {http://adsabs.harvard.edu/abs/2017ApJ...848...60Y},
  adsnote = {Provided by the SAO/NASA Astrophysics Data System}
}

%%%%%%%%%%%%%%%%%%%%%%%%%%%
@article{doi:10.1111/j.1745-3933.2007.00292.x,
author = {Gao, Liang and White, Simon D. M.},
title = {Assembly bias in the clustering of dark matter haloes},
journal = {Monthly Notices of the Royal Astronomical Society: Letters},
volume = {377},
number = {1},
pages = {L5-L9},
year = {2007},

}

%%%%%%%%%%%%%%%%%%%%%%%%%%%
@ARTICLE{2005MNRAS.363L..66G,
   author = {{Gao}, L. and {Springel}, V. and {White}, S.~D.~M.},
    title = "{The age dependence of halo clustering}",
  journal = {mnras},
   eprint = {astro-ph/0506510},
 keywords = {methods: N-body simulations, methods: numerical, galaxies: clusters: general, galaxies: haloes, dark matter},
     year = 2005,
    month = oct,
   volume = 363,
    pages = {L66-L70},
      doi = {10.1111/j.1745-3933.2005.00084.x},
   adsurl = {http://adsabs.harvard.edu/abs/2005MNRAS.363L..66G},
  adsnote = {Provided by the SAO/NASA Astrophysics Data System}
}
%%%%%%%%%%%%%%%%%%%%%%%%%%%

@ARTICLE{2016PhRvL.116d1301M,
   author = {{Miyatake}, H. and {More}, S. and {Takada}, M. and {Spergel}, D.~N. and 
	{Mandelbaum}, R. and {Rykoff}, E.~S. and {Rozo}, E.},
    title = "{Evidence of Halo Assembly Bias in Massive Clusters}",
  journal = {Physical Review Letters},
archivePrefix = "arXiv",
   eprint = {1506.06135},
     year = 2016,
    month = jan,
   volume = 116,
   number = 4,
      eid = {041301},
    pages = {041301},
      doi = {10.1103/PhysRevLett.116.041301},
   adsurl = {http://adsabs.harvard.edu/abs/2016PhRvL.116d1301M},
  adsnote = {Provided by the SAO/NASA Astrophysics Data System}
}


%%%%%%%%%%%%%%%%%%%%%%%%%%%
@article{doi:10.1111/j.1365-2966.2009.15271.x,
author = {Hahn, Oliver and Porciani, Cristiano and Dekel, Avishai and Carollo, C. Marcella},
title = {Tidal effects and the environment dependence of halo assembly},
journal = {Monthly Notices of the Royal Astronomical Society},
volume = {398},
number = {4},
pages = {1742-1756},
year = {2009},
doi = {10.1111/j.1365-2966.2009.15271.x},
URL = {http://dx.doi.org/10.1111/j.1365-2966.2009.15271.x},
}


%%%%%%%%%%%%%%%%%%%%%%%%%%%
@ARTICLE{2018arXiv180506938A,
   author = {{Artale}, M.~C. and {Zehavi}, I. and {Contreras}, S. and {Norberg}, P.
	},
    title = "{The impact of assembly bias on the halo occupation in hydrodynamical simulations}",
  journal = {ArXiv e-prints},
archivePrefix = "arXiv",
   eprint = {1805.06938},
 keywords = {Astrophysics - Astrophysics of Galaxies},
     year = 2018,
    month = may,
   adsurl = {http://adsabs.harvard.edu/abs/2018arXiv180506938A},
  adsnote = {Provided by the SAO/NASA Astrophysics Data System}
}
%%%%%%%%%%%%%%%%%%%%%%%%%%%
@ARTICLE{2006ApJ...639L...5Z,
   author = {{Zhu}, G. and {Zheng}, Z. and {Lin}, W.~P. and {Jing}, Y.~P. and 
	{Kang}, X. and {Gao}, L.},
    title = "{The Dependence of the Occupation of Galaxies on the Halo Formation Time}",
  journal = {apjl},
   eprint = {astro-ph/0601120},
 keywords = {Cosmology: Theory, Cosmology: Dark Matter, Galaxies: Formation, Galaxies: Halos, Cosmology: Large-Scale Structure of Universe},
     year = 2006,
    month = mar,
   volume = 639,
    pages = {L5-L8},
      doi = {10.1086/501501},
   adsurl = {http://adsabs.harvard.edu/abs/2006ApJ...639L...5Z},
  adsnote = {Provided by the SAO/NASA Astrophysics Data System}
}


%%%%%%%%%%%%%%%%%%%%%%%%%%%
@ARTICLE{2007MNRAS.374.1303C,
   author = {{Croton}, D.~J. and {Gao}, L. and {White}, S.~D.~M.},
    title = "{Halo assembly bias and its effects on galaxy clustering}",
  journal = {mnras},
   eprint = {astro-ph/0605636},
 keywords = {galaxies: evolution, galaxies: statistics, cosmology: theory., large-scale structure of Universe},
     year = 2007,
    month = feb,
   volume = 374,
    pages = {1303-1309},
      doi = {10.1111/j.1365-2966.2006.11230.x},
   adsurl = {http://adsabs.harvard.edu/abs/2007MNRAS.374.1303C},
  adsnote = {Provided by the SAO/NASA Astrophysics Data System}
}


%%%%%%%%%%%%%%%%%%%%%%%%%%%
@ARTICLE{2016MNRAS.460.3100C,
   author = {{Chaves-Montero}, J. and {Angulo}, R.~E. and {Schaye}, J. and 
	{Schaller}, M. and {Crain}, R.~A. and {Furlong}, M. and {Theuns}, T.
	},
    title = "{Subhalo abundance matching and assembly bias in the EAGLE simulation}",
  journal = {mnras},
archivePrefix = "arXiv",
   eprint = {1507.01948},
 keywords = {galaxies: evolution, galaxies: formation, galaxies: haloes, dark matter, large-scale structure of Universe},
     year = 2016,
    month = aug,
   volume = 460,
    pages = {3100-3118},
      doi = {10.1093/mnras/stw1225},
   adsurl = {http://adsabs.harvard.edu/abs/2016MNRAS.460.3100C},
  adsnote = {Provided by the SAO/NASA Astrophysics Data System}
}



%%%%%%%%%%%%%%%%%%%%%%%%%%%
@article{1538-4357-638-2-L55,
  author={Xiaohu Yang and H. J. Mo and Frank C. van den Bosch},
  title={Observational Evidence for an Age Dependence of Halo Bias},
  journal={The Astrophysical Journal Letters},
  volume={638},
  number={2},
  pages={L55},
  url={http://stacks.iop.org/1538-4357/638/i=2/a=L55},
  year={2006},

}
	

%%%%%%%%%%%%%%%%%%%%%%%%%%%

@ARTICLE{2014MNRAS.443.3107L,
   author = {{Lacerna}, I. and {Padilla}, N. and {Stasyszyn}, F.},
    title = "{The nature of assembly bias - III. Observational properties}",
  journal = {mnras},
archivePrefix = "arXiv",
   eprint = {1110.6174},
 keywords = {galaxies: formation, galaxies: haloes, galaxies: statistics, dark matter, large-scale structure of Universe},
     year = 2014,
    month = oct,
   volume = 443,
    pages = {3107-3117},
      doi = {10.1093/mnras/stu1318},
   adsurl = {http://adsabs.harvard.edu/abs/2014MNRAS.443.3107L},
  adsnote = {Provided by the SAO/NASA Astrophysics Data System}
}


%%%%%%%%%%%%%%%%%%%%%%%%%%%
@ARTICLE{2017MNRAS.472.2504T,
   author = {{Tinker}, J.~L. and {Wetzel}, A.~R. and {Conroy}, C. and {Mao}, Y.-Y.
	},
    title = "{Halo histories versus Galaxy properties at z = 0 - I. The quenching of star formation}",
  journal = {mnras},
archivePrefix = "arXiv",
   eprint = {1609.03388},
 keywords = {galaxies: clusters: general, galaxies: evolution - galaxies: groups: general, cosmology: observations},
     year = 2017,
    month = dec,
   volume = 472,
    pages = {2504-2516},
      doi = {10.1093/mnras/stx2066},
   adsurl = {http://adsabs.harvard.edu/abs/2017MNRAS.472.2504T},
  adsnote = {Provided by the SAO/NASA Astrophysics Data System}
}


%%%%%%%%%%%%%%%%%%%%%%%%%%%

@ARTICLE{2007ApJ...664..791B,
   author = {{Blanton}, M.~R. and {Berlind}, A.~A.},
    title = "{What Aspects of Galaxy Environment Matter?}",
  journal = {apj},
   eprint = {astro-ph/0608353},
 keywords = {Galaxies: Clusters: General, Galaxies: Fundamental Parameters, Galaxies: Statistics},
     year = 2007,
    month = aug,
   volume = 664,
    pages = {791-803},
      doi = {10.1086/512478},
   adsurl = {http://adsabs.harvard.edu/abs/2007ApJ...664..791B},
  adsnote = {Provided by the SAO/NASA Astrophysics Data System}
}

%%%%%%%%%%%%%%%%%%%%%%%%%%%

@ARTICLE{2017MNRAS.468.3251D,
   author = {{Dvornik}, A. and {Cacciato}, M. and {Kuijken}, K. and {Viola}, M. and 
	{Hoekstra}, H. and {Nakajima}, R. and {van Uitert}, E. and {Brouwer}, M. and 
	{Choi}, A. and {Erben}, T. and {Fenech Conti}, I. and {Farrow}, D.~J. and 
	{Herbonnet}, R. and {Heymans}, C. and {Hildebrandt}, H. and 
	{Hopkins}, A.~M. and {McFarland}, J. and {Norberg}, P. and {Schneider}, P. and 
	{Sifon}, C. and {Valentijn}, E. and {Wang}, L.},
    title = "{A KiDS weak lensing analysis of assembly bias in GAMA galaxy groups}",
  journal = {mnras},
archivePrefix = "arXiv",
   eprint = {1703.06657},
 keywords = {gravitational lensing: weak, methods: statistical, surveys, galaxies: haloes, large-scale structure of Universe},
     year = 2017,
    month = jul,
   volume = 468,
    pages = {3251-3265},
      doi = {10.1093/mnras/stx705},
   adsurl = {http://adsabs.harvard.edu/abs/2017MNRAS.468.3251D},
  adsnote = {Provided by the SAO/NASA Astrophysics Data System}
}

%%%%%%%%%%%%%%%%%%%%%%%%%%%
@ARTICLE{2014MNRAS.444.1518V,
   author = {{Vogelsberger}, M. and {Genel}, S. and {Springel}, V. and {Torrey}, P. and 
	{Sijacki}, D. and {Xu}, D. and {Snyder}, G. and {Nelson}, D. and 
	{Hernquist}, L.},
    title = "{Introducing the Illustris Project: simulating the coevolution of dark and visible matter in the Universe}",
  journal = {mnras},
archivePrefix = "arXiv",
   eprint = {1405.2921},
 keywords = {methods: numerical, cosmology: theory},
     year = 2014,
    month = oct,
   volume = 444,
    pages = {1518-1547},
      doi = {10.1093/mnras/stu1536},
   adsurl = {http://adsabs.harvard.edu/abs/2014MNRAS.444.1518V},
  adsnote = {Provided by the SAO/NASA Astrophysics Data System}
}



%%%%%%%%%%%%%%%%%%%%%%%%%%%

@ARTICLE{2010MNRAS.401..791S,
   author = {{Springel}, V.},
    title = "{E pur si muove: Galilean-invariant cosmological hydrodynamical simulations on a moving mesh}",
  journal = {mnras},
archivePrefix = "arXiv",
   eprint = {0901.4107},
 keywords = {methods: numerical, galaxies: interactions, cosmology: dark matter},
     year = 2010,
    month = jan,
   volume = 401,
    pages = {791-851},
      doi = {10.1111/j.1365-2966.2009.15715.x},
   adsurl = {http://adsabs.harvard.edu/abs/2010MNRAS.401..791S},
  adsnote = {Provided by the SAO/NASA Astrophysics Data System}
}

%%%%%%%%%%%%%%%%%%%%%%%%%%%
@ARTICLE{2014MNRAS.445..175G,
   author = {{Genel}, S. and {Vogelsberger}, M. and {Springel}, V. and {Sijacki}, D. and 
	{Nelson}, D. and {Snyder}, G. and {Rodriguez-Gomez}, V. and 
	{Torrey}, P. and {Hernquist}, L.},
    title = "{Introducing the Illustris project: the evolution of galaxy populations across cosmic time}",
  journal = {mnras},
archivePrefix = "arXiv",
   eprint = {1405.3749},
 keywords = {hydrodynamics, methods: numerical, galaxies: evolution, galaxies: formation, galaxies: high-redshift, cosmology: theory},
     year = 2014,
    month = nov,
   volume = 445,
    pages = {175-200},
      doi = {10.1093/mnras/stu1654},
   adsurl = {http://adsabs.harvard.edu/abs/2014MNRAS.445..175G},
  adsnote = {Provided by the SAO/NASA Astrophysics Data System}
}


%%%%%%%%%%%%%%%%%%%%%%%%%%%
@ARTICLE{2015A&C....13...12N,
   author = {{Nelson}, D. and {Pillepich}, A. and {Genel}, S. and {Vogelsberger}, M. and 
	{Springel}, V. and {Torrey}, P. and {Rodriguez-Gomez}, V. and 
	{Sijacki}, D. and {Snyder}, G.~F. and {Griffen}, B. and {Marinacci}, F. and 
	{Blecha}, L. and {Sales}, L. and {Xu}, D. and {Hernquist}, L.
	},
    title = "{The illustris simulation: Public data release}",
  journal = {Astronomy and Computing},
archivePrefix = "arXiv",
   eprint = {1504.00362},
 keywords = {Methods: data analysis, Methods: numerical, Galaxies: formation, Galaxies: evolution, Data management systems, Data access methods},
     year = 2015,
    month = nov,
   volume = 13,
    pages = {12-37},
      doi = {10.1016/j.ascom.2015.09.003},
   adsurl = {http://adsabs.harvard.edu/abs/2015A%26C....13...12N},
  adsnote = {Provided by the SAO/NASA Astrophysics Data System}
}
%%%%%%%%%%%%%%%%%%%%%%%%%%%

@ARTICLE{2018MNRAS.475..676S,
   author = {{Springel}, V. and {Pakmor}, R. and {Pillepich}, A. and {Weinberger}, R. and 
	{Nelson}, D. and {Hernquist}, L. and {Vogelsberger}, M. and 
	{Genel}, S. and {Torrey}, P. and {Marinacci}, F. and {Naiman}, J.
	},
    title = "{First results from the IllustrisTNG simulations: matter and galaxy clustering}",
  journal = {mnras},
archivePrefix = "arXiv",
   eprint = {1707.03397},
 keywords = {methods: numerical, galaxy formation, large-scale structure of Universe},
     year = 2018,
    month = mar,
   volume = 475,
    pages = {676-698},
      doi = {10.1093/mnras/stx3304},
   adsurl = {http://adsabs.harvard.edu/abs/2018MNRAS.475..676S},
  adsnote = {Provided by the SAO/NASA Astrophysics Data System}
}

%%%%%%%%%%%%%%%%%%%%%%%%%%%
@ARTICLE{2018MNRAS.473.4077P,
   author = {{Pillepich}, A. and {Springel}, V. and {Nelson}, D. and {Genel}, S. and 
	{Naiman}, J. and {Pakmor}, R. and {Hernquist}, L. and {Torrey}, P. and 
	{Vogelsberger}, M. and {Weinberger}, R. and {Marinacci}, F.},
    title = "{Simulating galaxy formation with the IllustrisTNG model}",
  journal = {mnras},
archivePrefix = "arXiv",
   eprint = {1703.02970},
 keywords = {methods: numerical, galaxies: evolution, galaxies: formation},
     year = 2018,
    month = jan,
   volume = 473,
    pages = {4077-4106},
      doi = {10.1093/mnras/stx2656},
   adsurl = {http://adsabs.harvard.edu/abs/2018MNRAS.473.4077P},
  adsnote = {Provided by the SAO/NASA Astrophysics Data System}
}

%%%%%%%%%%%%%%%%%%%%%%%%%%%



%%%%%%%%%%%%%%%%%%%%%%%%%%%
